@book{1aa6ddcb00bd4d8692d2b66d981c534f,
title = "PID Controllers: Theory, Design, and Tuning",
author = "{\AA}str{\"o}m, {Karl Johan} and Tore H{\"a}gglund",
year = "1995",
language = "English",
isbn = "1-55617-516-7",
publisher = "ISA - The Instrumentation, Systems and Automation Society",
}

%Referencias redes neuronales
@article{paralelas1987facultad,
  title={FACULTAD DE INFORM{\'A}TICA UNIVERSIDAD POLIT{\'E}CNICA DE MADRID},
  author={PARALELAS, APRENDIZAJE EN REDES},
  year={1987}
}

@article{ovando2005redes,
  title={Redes neuronales para modelar predicci{\'o}n de heladas},
  author={Ovando, Gustavo and Bocco, M{\'o}nica and Sayago, Silvina},
  journal={Agricultura T{\'e}cnica},
  volume={65},
  number={1},
  pages={65--73},
  year={2005},
  publisher={Instituto de Investigaciones Agropecuarias, INIA},
  note={\url{http://dx.doi.org/10.4067/S0365-28072005000100007}}
}
@inproceedings{aragon2018procedimiento,
  title={Un procedimiento efectivo para descomponer y modelar series temporales en agricultura},
  author={Arag{\'o}n, Francisco and Bald{\'a}n, Francisco Javier and Parra, Manuel and Ben{\i}tez, Jos{\'e} M},
  booktitle={XVIII Conferencia de la Asociaci{\'o}n Espa{\~n}ola para la Inteligencia Artificial (CAEPIA 2018) 23-26 de octubre de 2018 Granada, Espa{\~n}a},
  pages={784--789},
  year={2018},
  organization={Asociaci{\'o}n Espa{\~n}ola para la Inteligencia Artificial (AEPIA)},
  note={\url{https://sci2s.ugr.es/caepia18/proceedings/docs/CAEPIA2018_paper_143.pdf}}
  
}
@article{caceresaplicacion,
  title={Aplicaci{\'o}n de t{\'e}cnicas de aprendizaje autom{\'a}tico para la agricultura altoandina de Per{\'u}},
  author={C{\'a}ceres Salazar, Vladimir},
  publisher={Pontificia Universidad Cat{\'o}lica del Per{\'u}. Facultad de Ciencias e Ingenier{\'\i}a.},
  note={\url{https://repositorio.pucp.edu.pe/index/bitstream/handle/123456789/71313/305\%20Vladimir\%20C\%C3\%A1ceres\%20-\%20Aplicaci\%C3\%B3n\%20de\%20t\%C3\%A9cnicas\%20de\%20aprendizaje\%20autom\%C3\%A1tico\%20para\%20la\%20agricultura\%20altoandina\%20de\%20Per\%C3\%BA\%20(A203\%2009.08.2017\%2015.00).pdf?sequence=1}}
}
% Limitaciones de las redes neronales
@article{brahm2003disminucion,
  title={Disminuci{\'o}n de los tiempos de entrenamiento en redes neuronales artificiales aplicadas a hidrolog{\'\i}a},
  author={Brahm, Alfredo and Varas, Eduardo},
  journal={Tecnolog{\'\i}a y ciencias del agua},
  volume={18},
  number={2},
  pages={69--82},
  year={2003},
  note={\url{http://revistatyca.org.mx/index.php/tyca/article/view/959}}
}


%% sistemas de control
@mastersthesis{ponce2015diseno,
  title={Dise{\~n}o de un control electr{\'o}nico autom{\'a}tico para la
         concentraci{\'o}n de di{\'o}xido de carbono en un microclima de
         jitomate fundamentado en un sistema din{\'a}mico},
  author={Ponce de Le{\'o}n Puig, Nubia Ilia and PONCE DE LEON PUIG, NUBIA ILIA
          and others},
  year={2015},
  note={\url{https://hdl.handle.net/20.500.12371/9978}}
}
